<?xml version="1.0" encoding="UTF-8"?><collection xmlns="http://www.loc.gov/MARC21/slim"><record><leader>00604nam--2200217-u-4500</leader><controlfield tag="001">000052442</controlfield><controlfield tag="002">20161230</controlfield><controlfield tag="005">20161230201050</controlfield><controlfield tag="008">100712s1000------------r-----000-0-eng-d</controlfield><datafield ind1=" " ind2=" " tag="020"><subfield code="a">0080430201</subfield></datafield><datafield ind1=" " ind2=" " tag="040"><subfield code="a">IFIN-HH</subfield></datafield><datafield ind1=" " ind2=" " tag="080"><subfield code="a">531.715:620.179</subfield></datafield><datafield ind1="1" ind2=" " tag="100"><subfield code="a">Rastogi, Pramod K</subfield></datafield><datafield ind1="1" ind2="0" tag="245"><subfield code="a">Trends in Optical Nondestructive Testing and Inspection</subfield><subfield code="c">Pramod K. Rastogi, Daniele Inaudi (Eds.)</subfield></datafield><datafield ind1=" " ind2=" " tag="250"><subfield code="a">First Edition</subfield></datafield><datafield ind1=" " ind2=" " tag="260"><subfield code="a">Amsterdam</subfield><subfield code="b">Elsevier</subfield><subfield code="c">2000</subfield></datafield><datafield ind1=" " ind2=" " tag="300"><subfield code="a">633 p</subfield></datafield><datafield ind1=" " ind2="4" tag="650"><subfield code="a">Imaging System</subfield></datafield><datafield ind1="1" ind2=" " tag="700"><subfield code="a">Inaudi, Daniele</subfield></datafield><datafield ind1=" " ind2=" " tag="852"><subfield code="a">81494</subfield><subfield code="c">531.7</subfield></datafield><datafield ind1=" " ind2=" " tag="CAT"><subfield code="a">Sys</subfield><subfield code="c">20100712</subfield><subfield code="h">084028</subfield></datafield></record></collection>